@misc{example,
	title = {Example title},
	author = {Example},
	url = {https://example.com},
	year = {2019}
}
