@misc{website:1,
	howpublished = {\url{https://d-shape.com/}},
	title = {D Shape Website},
	author = {Enrico Dini},
	month = {Jan},
	year = {2008},
	note = {Accessed on 06-04-2019}
}

@misc{website:2,
	howpublished = {\url{https://www.3dwasp.com/en/giant-3d-printer-bigdelta-wasp-12mt/}},
	title = {Big Delta},
	author = {3DWASP},
	month = {},
	year = {2019},
	note = {}
}

@misc{website:3,
	howpublished = {\url{https://peterpugger.com/}},
	title = {Peter Pugger},
	author = {Peter Pugger},
	month = {},
	year = {2019},
	note = {}
}
1
@online{website:4,
	howpublished = {\url{http://www.bigceramicstore.com/equipment/clay-processing-equipment/clay-mixers-pug-mills.html}},
	title = {Big Ceramic Store},
	year = {2019},
	note = {Accessed for prices}
}

@article{article:1,
	title = {D Shape Report},
	author = {3D Printhuset A/S},
	url = {http://3dprintetbyggeri.dk/pdf/besg√∏srapporter/D-Shape.pdf},
	journal = {3D Printhuset},
	year = {2019}
}

@article{article:2,
	title = {Clay mixers and pugmills guide},
	author = {Jennifer Harnetty},
	url = {https://ceramicartsnetwork.org/daily/ceramic-supplies/pottery-clay/all-mixed-up-check-out-our-guide-to-clay-mixers-and-pug-mills/},
	journal = {Ceramic Arts Network},
	year = {2007},
}

@article{article:3,
	title = {Let's print together the first adobe building!},
	author = {Francesca Moretti},
	url = {https://www.3dwasp.com/en/stampiamo-insieme-la-prima-casa-di-terra/},
	journal = {3D WASP},
	year = {2016},
}

